@misc{yin2019hotstuff,
      title={HotStuff: BFT Consensus in the Lens of Blockchain}, 
      author={Maofan Yin and Dahlia Malkhi and Michael K. Reiter and Guy Golan Gueta and Ittai Abraham},
      year={2019},
      eprint={1803.05069},
      archivePrefix={arXiv},
      primaryClass={cs.DC}
}

@misc{hardjono2019verifiable,
      title={Verifiable Anonymous Identities and Access Control in Permissioned Blockchains}, 
      author={Thomas Hardjono and Alex Pentland},
      year={2019},
      eprint={1903.04584},
      archivePrefix={arXiv},
      primaryClass={cs.CR}
}ÃŸ